<?xml version="1.0" encoding="UTF-8"?>
<marc21:collection xmlns:marc21="http://www.loc.gov/MARC21/slim">
  <marc21:record xmlns:marc21="http://www.loc.gov/MARC21/slim">
    <marc21:leader>     nac  22     uu 4500</marc21:leader>
    <marc21:controlfield tag="001">mir_mods_00000004</marc21:controlfield>
    <marc21:datafield tag="035" ind1=" " ind2=" ">
      <marc21:subfield code="a">mir_mods_00000004</marc21:subfield>
    </marc21:datafield>
    <marc21:datafield tag="040" ind1=" " ind2=" ">
      <marc21:subfield code="b">ger</marc21:subfield>
      <marc21:subfield code="c">DE-601</marc21:subfield>
      <marc21:subfield code="e">rda</marc21:subfield>
    </marc21:datafield>
    <marc21:datafield tag="084" ind1=" " ind2=" ">
      <marc21:subfield code="a">370</marc21:subfield>
      <marc21:subfield code="2">sdnb</marc21:subfield>
    </marc21:datafield>
    <marc21:datafield tag="100" ind1="1" ind2=" ">
      <marc21:subfield code="a">Acker, Heike</marc21:subfield>
      <marc21:subfield code="e">Author</marc21:subfield>
      <marc21:subfield code="4">aut</marc21:subfield>
      <marc21:subfield code="0">(DE-588)141069678</marc21:subfield>
    </marc21:datafield>
    <marc21:datafield tag="245" ind1="1" ind2="0">
      <marc21:subfield code="a">Marxistisches Denken in der Pädagogik</marc21:subfield>
      <marc21:subfield code="b">Messianische und prometheische Strukturen im Kontext einer Erziehungstheorie</marc21:subfield>
      <marc21:subfield code="c">Acker, Heike;Bast, Roland</marc21:subfield>
    </marc21:datafield>
    <marc21:datafield tag="260" ind1=" " ind2=" ">
      <marc21:subfield code="a">Hagen</marc21:subfield>
      <marc21:subfield code="b">FernUniversität in Hagen</marc21:subfield>
      <marc21:subfield code="c">2010</marc21:subfield>
    </marc21:datafield>
    <marc21:datafield tag="264" ind1=" " ind2="1">
      <marc21:subfield code="c">2010</marc21:subfield>
    </marc21:datafield>
    <marc21:datafield tag="300" ind1=" " ind2=" ">
      <marc21:subfield code="a">398 Seiten</marc21:subfield>
    </marc21:datafield>
    <marc21:datafield tag="336" ind1=" " ind2=" ">
      <marc21:subfield code="a">text</marc21:subfield>
      <marc21:subfield code="b">txt</marc21:subfield>
      <marc21:subfield code="2">rdacontent</marc21:subfield>
    </marc21:datafield>
    <marc21:datafield tag="337" ind1=" " ind2=" ">
      <marc21:subfield code="a">Computermedien</marc21:subfield>
      <marc21:subfield code="b">c</marc21:subfield>
      <marc21:subfield code="2">rdamedia</marc21:subfield>
    </marc21:datafield>
    <marc21:datafield tag="338" ind1=" " ind2=" ">
      <marc21:subfield code="a">Online-Ressource</marc21:subfield>
      <marc21:subfield code="b">cr</marc21:subfield>
      <marc21:subfield code="2">rdacarrier</marc21:subfield>
    </marc21:datafield>
    <marc21:datafield tag="650" ind1="" ind2="4">
      <marc21:subfield code="a">Marxistische Pädagogik</marc21:subfield>
    </marc21:datafield>
    <marc21:datafield tag="655" ind1=" " ind2="4">
      <marc21:subfield code="a">thesis</marc21:subfield>
    </marc21:datafield>
    <marc21:datafield tag="700" ind1="1" ind2=" ">
      <marc21:subfield code="a">Bast, Roland</marc21:subfield>
      <marc21:subfield code="e">Thesis advisor</marc21:subfield>
      <marc21:subfield code="4">ths</marc21:subfield>
      <marc21:subfield code="0">(DE-588)108519740</marc21:subfield>
    </marc21:datafield>
    <marc21:datafield tag="700" ind1="1" ind2=" ">
      <marc21:subfield code="a">Pfundtner, Raimund</marc21:subfield>
      <marc21:subfield code="e">Reviewer</marc21:subfield>
      <marc21:subfield code="4">rev</marc21:subfield>
      <marc21:subfield code="0">(DE-588)132907690</marc21:subfield>
    </marc21:datafield>
    <marc21:datafield tag="710" ind1="2" ind2=" ">
      <marc21:subfield code="a">Faculty of Cultural and Social Sciences</marc21:subfield>
      <marc21:subfield code="b">Institut für Bildungswissenschaft und Medienforschung</marc21:subfield>
      <marc21:subfield code="b">Ehemalige Lehrstühle</marc21:subfield>
      <marc21:subfield code="b">Arbeitsbereich Systematische Pädagogik (nur Magister) (Apl.-Prof. Dr. Roland Bast)</marc21:subfield>
      <marc21:subfield code="e">host institution</marc21:subfield>
      <marc21:subfield code="4">his</marc21:subfield>
    </marc21:datafield>
    <marc21:datafield tag="856" ind1=" " ind2=" ">
      <marc21:subfield code="u">https://reposis-test.gbv.de/hagen/receive/mir_mods_00000004</marc21:subfield>
      <marc21:subfield code="y">object in context</marc21:subfield>
    </marc21:datafield>
    <marc21:datafield tag="856" ind1=" " ind2=" ">
      <marc21:subfield code="u">https://reposis-test.gbv.de/hagen/servlets/MCRFileNodeServlet/Document_derivate_00000002/Diss_Acker.pdf</marc21:subfield>
      <marc21:subfield code="y">raw object</marc21:subfield>
    </marc21:datafield>
    <marc21:datafield tag="856" ind1=" " ind2=" ">
      <marc21:subfield code="u">https://reposis-test.gbv.de/hagen/rsc/thumbnail/mir_mods_00000004.png</marc21:subfield>
      <marc21:subfield code="y">preview</marc21:subfield>
    </marc21:datafield>
    <marc21:datafield tag="856" ind1=" " ind2=" ">
      <marc21:subfield code="u">https://reposis-test.gbv.de/hagen/receive/mir_mods_00000004</marc21:subfield>
      <marc21:subfield code="y">uri</marc21:subfield>
    </marc21:datafield>
  </marc21:record>