
  <marc21:record xmlns:marc21="http://www.loc.gov/MARC21/slim">
    <marc21:leader>     nac  22     uu 4500</marc21:leader>
    <marc21:controlfield tag="001">mir_mods_00000110</marc21:controlfield>
    <marc21:datafield tag="035" ind1=" " ind2=" ">
      <marc21:subfield code="a">mir_mods_00000110</marc21:subfield>
    </marc21:datafield>
    <marc21:datafield tag="040" ind1=" " ind2=" ">
      <marc21:subfield code="b">ger</marc21:subfield>
      <marc21:subfield code="c">DE-601</marc21:subfield>
      <marc21:subfield code="e">rda</marc21:subfield>
    </marc21:datafield>
    <marc21:datafield tag="084" ind1=" " ind2=" ">
      <marc21:subfield code="a">004</marc21:subfield>
      <marc21:subfield code="2">sdnb</marc21:subfield>
    </marc21:datafield>
    <marc21:datafield tag="100" ind1="1" ind2=" ">
      <marc21:subfield code="a">Kienle, Andrea</marc21:subfield>
      <marc21:subfield code="e">Author</marc21:subfield>
      <marc21:subfield code="4">aut</marc21:subfield>
      <marc21:subfield code="0">(DE-588)124723470</marc21:subfield>
    </marc21:datafield>
    <marc21:datafield tag="245" ind1="1" ind2="0">
      <marc21:subfield code="a">Computerunterstützung für die Organisation menschlicher Kommunikationsprozesse</marc21:subfield>
      <marc21:subfield code="b">Anforderungsanalyse und Systemgestaltung</marc21:subfield>
      <marc21:subfield code="c">Kienle, Andrea</marc21:subfield>
    </marc21:datafield>
    <marc21:datafield tag="260" ind1=" " ind2=" ">
      <marc21:subfield code="a">Hagen</marc21:subfield>
      <marc21:subfield code="b">FernUniversität in Hagen</marc21:subfield>
    </marc21:datafield>
    <marc21:datafield tag="264" ind1=" " ind2="1">
      <marc21:subfield code="c">2009</marc21:subfield>
    </marc21:datafield>
    <marc21:datafield tag="300" ind1=" " ind2=" ">
      <marc21:subfield code="a">224 Seiten</marc21:subfield>
    </marc21:datafield>
    <marc21:datafield tag="336" ind1=" " ind2=" ">
      <marc21:subfield code="a">text</marc21:subfield>
      <marc21:subfield code="b">txt</marc21:subfield>
      <marc21:subfield code="2">rdacontent</marc21:subfield>
    </marc21:datafield>
    <marc21:datafield tag="337" ind1=" " ind2=" ">
      <marc21:subfield code="a">Computermedien</marc21:subfield>
      <marc21:subfield code="b">c</marc21:subfield>
      <marc21:subfield code="2">rdamedia</marc21:subfield>
    </marc21:datafield>
    <marc21:datafield tag="338" ind1=" " ind2=" ">
      <marc21:subfield code="a">Online-Ressource</marc21:subfield>
      <marc21:subfield code="b">cr</marc21:subfield>
      <marc21:subfield code="2">rdacarrier</marc21:subfield>
    </marc21:datafield>
    <marc21:datafield tag="490" ind1="0" ind2=" ">
      <marc21:subfield code="a">Research Report</marc21:subfield>
    </marc21:datafield>
    <marc21:datafield tag="520" ind1=" " ind2=" ">
      <marc21:subfield code="a">Die in diesem Bericht zusammengefassten Beiträge befassen sich mit der Computerunterstützung für die Organisation menschlicher Kommunikationsprozesse. Die Problemanalyse dieses Gegenstandsbereiches zeigt, dass das Problem in drei Facetten zu betrachten ist. Zum einen sind es die Merkmale der Kommunikationsunterstützung selbst, die der Organisation der Kommunikationsprozesse dienlich sein können. Zum zweiten kann sich die Gestaltung des technischen Systems mit speziellen Funktionalitäten der Prozesstransparenz und -unterstützung gezielt auf die Organisation der Kommunikationsprozesse beziehen. Zum dritten kann die Unterstützung einer begleitenden Moderatorenrolle positiven Einfluss auf die Organisation der Kommunikationsprozesse haben. Aufbauend auf den im Rahmen der Anforderungsanalyse zusammengestellten Anforderungen wurden einsatztaugliche Prototypen konzipiert und in Software umgesetzt, die Gestaltungsvarianten für die drei Facetten beinhalten. Diese Prototypen wurden in realen Situationen eingesetzt und evaluiert. Die Evaluationen führten schließlich zu fundierten Designprinzipien für die Unterstützung der Organisation von Kommunikationsprozessen.</marc21:subfield>
    </marc21:datafield>
    <marc21:datafield tag="655" ind1=" " ind2="4">
      <marc21:subfield code="a">thesis</marc21:subfield>
    </marc21:datafield>
    <marc21:datafield tag="700" ind1="1" ind2=" ">
      <marc21:subfield code="a">Haake, Jörg M.</marc21:subfield>
      <marc21:subfield code="e">Reviewer</marc21:subfield>
      <marc21:subfield code="4">rev</marc21:subfield>
      <marc21:subfield code="0">(DE-588)112929931</marc21:subfield>
    </marc21:datafield>
    <marc21:datafield tag="710" ind1="2" ind2=" ">
      <marc21:subfield code="a">Faculty of Mathematics and Computer Science</marc21:subfield>
      <marc21:subfield code="b">Informatik</marc21:subfield>
      <marc21:subfield code="b">Kooperative Systeme (Prof. Dr. Jörg M. Haake)</marc21:subfield>
      <marc21:subfield code="e">host institution</marc21:subfield>
      <marc21:subfield code="4">his</marc21:subfield>
    </marc21:datafield>
    <marc21:datafield tag="810" ind1="2" ind2=" ">
      <marc21:subfield code="a">FernUniversität in Hagen</marc21:subfield>
      <marc21:subfield code="b">Fakultät für Mathematik und Informatik</marc21:subfield>
      <marc21:subfield code="e">Publisher</marc21:subfield>
      <marc21:subfield code="4">pbl</marc21:subfield>
    </marc21:datafield>
    <marc21:datafield tag="830" ind1=" " ind2=" ">
      <marc21:subfield code="a">Research Report</marc21:subfield>
      <marc21:subfield code="w">mir_mods_00000111</marc21:subfield>
    </marc21:datafield>
    <marc21:datafield tag="856" ind1=" " ind2=" ">
      <marc21:subfield code="u">https://reposis-test.gbv.de/hagen/receive/mir_mods_00000110</marc21:subfield>
      <marc21:subfield code="y">object in context</marc21:subfield>
    </marc21:datafield>
    <marc21:datafield tag="856" ind1=" " ind2=" ">
      <marc21:subfield code="u">https://reposis-test.gbv.de/hagen/servlets/MCRFileNodeServlet/mir_derivate_00000130/Habil_Kienle_Kommunikationsprozesse_2009.pdf</marc21:subfield>
      <marc21:subfield code="y">raw object</marc21:subfield>
    </marc21:datafield>
    <marc21:datafield tag="856" ind1=" " ind2=" ">
      <marc21:subfield code="u">https://reposis-test.gbv.de/hagen/rsc/thumbnail/mir_mods_00000110.png</marc21:subfield>
      <marc21:subfield code="y">preview</marc21:subfield>
    </marc21:datafield>
    <marc21:datafield tag="856" ind1=" " ind2=" ">
      <marc21:subfield code="u">https://reposis-test.gbv.de/hagen/receive/mir_mods_00000110</marc21:subfield>
      <marc21:subfield code="y">uri</marc21:subfield>
    </marc21:datafield>
  </marc21:record>