
  <marc21:record xmlns:marc21="http://www.loc.gov/MARC21/slim">
    <marc21:leader>     nac  22     uu 4500</marc21:leader>
    <marc21:controlfield tag="001">mir_mods_00000111</marc21:controlfield>
    <marc21:datafield tag="022" ind1=" " ind2=" ">
      <marc21:subfield code="z">1865-3944</marc21:subfield>
    </marc21:datafield>
    <marc21:datafield tag="035" ind1=" " ind2=" ">
      <marc21:subfield code="a">mir_mods_00000111</marc21:subfield>
    </marc21:datafield>
    <marc21:datafield tag="040" ind1=" " ind2=" ">
      <marc21:subfield code="b">ger</marc21:subfield>
      <marc21:subfield code="c">DE-601</marc21:subfield>
      <marc21:subfield code="e">rda</marc21:subfield>
    </marc21:datafield>
    <marc21:datafield tag="245" ind1="1" ind2="0">
      <marc21:subfield code="a">Research Report</marc21:subfield>
    </marc21:datafield>
    <marc21:datafield tag="264" ind1=" " ind2="1">
      <marc21:subfield code="a">Hagen</marc21:subfield>
      <marc21:subfield code="b">FernUniversität in Hagen</marc21:subfield>
    </marc21:datafield>
    <marc21:datafield tag="336" ind1=" " ind2=" ">
      <marc21:subfield code="a">text</marc21:subfield>
      <marc21:subfield code="b">txt</marc21:subfield>
      <marc21:subfield code="2">rdacontent</marc21:subfield>
    </marc21:datafield>
    <marc21:datafield tag="337" ind1=" " ind2=" ">
      <marc21:subfield code="a">Computermedien</marc21:subfield>
      <marc21:subfield code="b">c</marc21:subfield>
      <marc21:subfield code="2">rdamedia</marc21:subfield>
    </marc21:datafield>
    <marc21:datafield tag="338" ind1=" " ind2=" ">
      <marc21:subfield code="a">Online-Ressource</marc21:subfield>
      <marc21:subfield code="b">cr</marc21:subfield>
      <marc21:subfield code="2">rdacarrier</marc21:subfield>
    </marc21:datafield>
    <marc21:datafield tag="520" ind1=" " ind2=" ">
      <marc21:subfield code="a">Die Reihe dient der online-Veröffentlichung von Forschungsberichten oder Beiträgen, z.B. um anderweitig noch nicht veröffentlichte Beiträge zitierbar zu machen. Beiträge in der Reihe werden als PDF auf dem deposit-Dokumentenserver der UB archiviert und der Öffentlichkeit dauerhaft zur Verfügung gestellt. Sie werden auch bei der Deutschen Nationalbibliothek gemeldet und indexiert.</marc21:subfield>
    </marc21:datafield>
    <marc21:datafield tag="655" ind1=" " ind2="4">
      <marc21:subfield code="a">series</marc21:subfield>
    </marc21:datafield>
    <marc21:datafield tag="710" ind1="2" ind2=" ">
      <marc21:subfield code="a">FernUniversität in Hagen</marc21:subfield>
      <marc21:subfield code="b">Fakultät für Mathematik und Informatik</marc21:subfield>
      <marc21:subfield code="e">Publisher</marc21:subfield>
      <marc21:subfield code="4">pbl</marc21:subfield>
    </marc21:datafield>
    <marc21:datafield tag="774" ind1="0" ind2=" ">
      <marc21:subfield code="a">Kerdels, Jochen; Peters, Gabriele; Faculty of Mathematics and Computer Science, Informatik, Mensch-Computer-Interaktion (Prof. Dr. Gabriele Peters)</marc21:subfield>
      <marc21:subfield code="t">Computational Model of Grid Cells based on a Recursive Growing Neural Gas</marc21:subfield>
      <marc21:subfield code="w">mir_mods_00000438</marc21:subfield>
    </marc21:datafield>
    <marc21:datafield tag="774" ind1="0" ind2=" ">
      <marc21:subfield code="a">Garstka, Jens; Peters, Gabriele; Faculty of Mathematics and Computer Science, Informatik, Mensch-Computer-Interaktion (Prof. Dr. Gabriele Peters)</marc21:subfield>
      <marc21:subfield code="t">Learning strategies to select point cloud descriptors for large-scale 3-D object classification</marc21:subfield>
      <marc21:subfield code="w">mir_mods_00000492</marc21:subfield>
    </marc21:datafield>
    <marc21:datafield tag="774" ind1="0" ind2=" ">
      <marc21:subfield code="a">Peters, Gabriele; Faculty of Mathematics and Computer Science, Informatik, Mensch-Computer-Interaktion (Prof. Dr. Gabriele Peters)</marc21:subfield>
      <marc21:subfield code="t">Forschungsbericht 2010 – 2013, Lehrgebiet Mensch-Computer-Interaktion, FernUniversität in Hagen</marc21:subfield>
      <marc21:subfield code="w">mir_mods_00000248</marc21:subfield>
    </marc21:datafield>
    <marc21:datafield tag="774" ind1="0" ind2=" ">
      <marc21:subfield code="a">Peters, Gabriele; Faculty of Mathematics and Computer Science, Informatik, Mensch-Computer-Interaktion (Prof. Dr. Gabriele Peters)</marc21:subfield>
      <marc21:subfield code="t">Research Report 2010 – 2013, Human-Computer Interaction, FernUniversität in Hagen</marc21:subfield>
      <marc21:subfield code="w">mir_mods_00000249</marc21:subfield>
    </marc21:datafield>
    <marc21:datafield tag="774" ind1="0" ind2=" ">
      <marc21:subfield code="a">Garstka, Jens; Peters, Gabriele; Faculty of Mathematics and Computer Science, Informatik, Mensch-Computer-Interaktion (Prof. Dr. Gabriele Peters)</marc21:subfield>
      <marc21:subfield code="t">Learning strategies to select point cloud descriptors for 3D object classification</marc21:subfield>
      <marc21:subfield code="w">mir_mods_00000250</marc21:subfield>
    </marc21:datafield>
    <marc21:datafield tag="774" ind1="0" ind2=" ">
      <marc21:subfield code="a">Schümmer, Till; Haake, Jörg M.; Römhild, Christoph; Faculty of Mathematics and Computer Science, Informatik, Kooperative Systeme (Prof. Dr. Jörg M. Haake)</marc21:subfield>
      <marc21:subfield code="t">PATONGO</marc21:subfield>
      <marc21:subfield code="w">mir_mods_00000291</marc21:subfield>
    </marc21:datafield>
    <marc21:datafield tag="774" ind1="0" ind2=" ">
      <marc21:subfield code="a">Akbari, Mostafa; Böhnstedt, Doreen; Bremer, Claudia; Faculty of Mathematics and Computer Science, Informatik, Softwaretechnik und Theorie der Programmierung (Prof. Dr. Jörg Desel)</marc21:subfield>
      <marc21:subfield code="t">Mobile Learning - Einsatz mobiler Endgeräte im Lernen, Wissenserwerb sowie der Lehr-/Lernorganisation</marc21:subfield>
      <marc21:subfield code="w">mir_mods_00000247</marc21:subfield>
    </marc21:datafield>
    <marc21:datafield tag="774" ind1="0" ind2=" ">
      <marc21:subfield code="a">Hoppe, H. Ulrich; Kienle, Andrea; Krämer, Nicole; Faculty of Mathematics and Computer Science, Informatik, Softwaretechnik und Theorie der Programmierung (Prof. Dr. Jörg Desel)</marc21:subfield>
      <marc21:subfield code="t">Workshop zu Web2.0 in der beruflichen Weiterbildung im Rahmen der DeLFI 2012, Hagen</marc21:subfield>
      <marc21:subfield code="w">mir_mods_00000251</marc21:subfield>
    </marc21:datafield>
    <marc21:datafield tag="774" ind1="0" ind2=" ">
      <marc21:subfield code="a">Kerdels, Jochen; Peters, Gabriele; Faculty of Mathematics and Computer Science, Informatik, Mensch-Computer-Interaktion (Prof. Dr. Gabriele Peters)</marc21:subfield>
      <marc21:subfield code="t">generalized computational model for modeling and simulation of complex systems</marc21:subfield>
      <marc21:subfield code="w">mir_mods_00000268</marc21:subfield>
    </marc21:datafield>
    <marc21:datafield tag="774" ind1="0" ind2=" ">
      <marc21:subfield code="a">Porten, Oliver van; Faculty of Mathematics and Computer Science, Informatik, Ehemalige Lehrstühle, Datenverarbeitungstechnik (Prof. Dr.-Ing. Bernd J. Krämer)</marc21:subfield>
      <marc21:subfield code="t">Development and Evaluation of a Graphical Notation for Modelling Resource-Oriented Applications</marc21:subfield>
      <marc21:subfield code="w">mir_mods_00000293</marc21:subfield>
    </marc21:datafield>
    <marc21:datafield tag="774" ind1="0" ind2=" ">
      <marc21:subfield code="a">Werrmann, Jan; Faculty of Mathematics and Computer Science, Informatik, Ehemalige Lehrstühle, Datenverarbeitungstechnik (Prof. Dr.-Ing. Bernd J. Krämer)</marc21:subfield>
      <marc21:subfield code="t">Modellierung im Kontext</marc21:subfield>
      <marc21:subfield code="w">mir_mods_00000296</marc21:subfield>
    </marc21:datafield>
    <marc21:datafield tag="774" ind1="0" ind2=" ">
      <marc21:subfield code="a">Kienle, Andrea; Haake, Jörg M.; Faculty of Mathematics and Computer Science, Informatik, Kooperative Systeme (Prof. Dr. Jörg M. Haake)</marc21:subfield>
      <marc21:subfield code="t">Computerunterstützung für die Organisation menschlicher Kommunikationsprozesse</marc21:subfield>
      <marc21:subfield code="w">mir_mods_00000110</marc21:subfield>
    </marc21:datafield>
    <marc21:datafield tag="774" ind1="0" ind2=" ">
      <marc21:subfield code="a">Bayrak, Coskun; Bowerman, Chris; Krämer, Bernd J.; Faculty of Mathematics and Computer Science, Informatik, Ehemalige Lehrstühle, Datenverarbeitungstechnik (Prof. Dr.-Ing. Bernd J. Krämer)</marc21:subfield>
      <marc21:subfield code="t">Fourth Colloquium on International Engineering Education</marc21:subfield>
      <marc21:subfield code="w">mir_mods_00000246</marc21:subfield>
    </marc21:datafield>
    <marc21:datafield tag="774" ind1="0" ind2=" ">
      <marc21:subfield code="a">Veiel, Dirk; Haake, Jörg M.; Lukosch, Stephan; Faculty of Mathematics and Computer Science, Informatik, Kooperative Systeme (Prof. Dr. Jörg M. Haake)</marc21:subfield>
      <marc21:subfield code="t">Extending a shared workspace environment with context-based adaptations</marc21:subfield>
      <marc21:subfield code="w">mir_mods_00000294</marc21:subfield>
    </marc21:datafield>
    <marc21:datafield tag="774" ind1="0" ind2=" ">
      <marc21:subfield code="a">Mühlpfordt, Martin; Haake, Jörg M.; Faculty of Mathematics and Computer Science, Informatik, Kooperative Systeme (Prof. Dr. Jörg M. Haake)</marc21:subfield>
      <marc21:subfield code="t">Integration Dualer Interaktionsräume</marc21:subfield>
      <marc21:subfield code="w">mir_mods_00000433</marc21:subfield>
    </marc21:datafield>
    <marc21:datafield tag="774" ind1="0" ind2=" ">
      <marc21:subfield code="a">Agrusti, Francesco; Keegan, Desmond; Kismihok, Gabor; Krämer, Bernd J.; Faculty of Mathematics and Computer Science, Informatik, Ehemalige Lehrstühle, Datenverarbeitungstechnik (Prof. Dr.-Ing. Bernd J. Krämer)</marc21:subfield>
      <marc21:subfield code="t">impact of new technologies on distance learning students</marc21:subfield>
      <marc21:subfield code="w">mir_mods_00000245</marc21:subfield>
    </marc21:datafield>
    <marc21:datafield tag="774" ind1="0" ind2=" ">
      <marc21:subfield code="a">Keegan, Desmond; Kismihok, Gabor; Krämer, Bernd J.; Faculty of Mathematics and Computer Science, Informatik, Ehemalige Lehrstühle, Datenverarbeitungstechnik (Prof. Dr.-Ing. Bernd J. Krämer)</marc21:subfield>
      <marc21:subfield code="t">Auswirkungen neuer Technologien auf Studierende an Fernuniversitäten</marc21:subfield>
      <marc21:subfield code="w">mir_mods_00000253</marc21:subfield>
    </marc21:datafield>
    <marc21:datafield tag="774" ind1="0" ind2=" ">
      <marc21:subfield code="a">Keegan, Desmond; Kismihok, Gabor; Krämer, Bernd J.; Faculty of Mathematics and Computer Science, Informatik, Ehemalige Lehrstühle, Datenverarbeitungstechnik (Prof. Dr.-Ing. Bernd J. Krämer)</marc21:subfield>
      <marc21:subfield code="t">Impact of new technologies on distance learning students</marc21:subfield>
      <marc21:subfield code="w">mir_mods_00000254</marc21:subfield>
    </marc21:datafield>
    <marc21:datafield tag="774" ind1="0" ind2=" ">
      <marc21:subfield code="a">Lukosch, Stephan; Veiel, Dirk; Haake, Jörg M.; Faculty of Mathematics and Computer Science, Informatik, Ehemalige Lehrstühle, Verteilte Systeme für kooperative Arbeits-/Lernumgebungen (Jun.-Prof. Dr. Stephan Lukosch)</marc21:subfield>
      <marc21:subfield code="t">Towards a context-adaptive integrated shared work environment</marc21:subfield>
      <marc21:subfield code="w">mir_mods_00000271</marc21:subfield>
    </marc21:datafield>
    <marc21:datafield tag="774" ind1="0" ind2=" ">
      <marc21:subfield code="a">Kaderali, Firoz; Faculty of Mathematics and Computer Science, Elektrotechnik, Ehemalige Lehrstühle, Kommunikationssysteme (Prof. Dr.-Ing. Firoz Kaderali)</marc21:subfield>
      <marc21:subfield code="t">Auf dem Weg in eine technisierte Gesellschaft?</marc21:subfield>
      <marc21:subfield code="w">mir_mods_00000252</marc21:subfield>
    </marc21:datafield>
    <marc21:datafield tag="774" ind1="0" ind2=" ">
      <marc21:subfield code="a">Krämer, Bernd J.; Faculty of Mathematics and Computer Science, Informatik, Ehemalige Lehrstühle, Datenverarbeitungstechnik (Prof. Dr.-Ing. Bernd J. Krämer)</marc21:subfield>
      <marc21:subfield code="t">Datenanalyse-Bericht über die Auswirkungen moderner IuK-Technik auf das Lernen an Fernuniversitäten</marc21:subfield>
      <marc21:subfield code="w">mir_mods_00000270</marc21:subfield>
    </marc21:datafield>
    <marc21:datafield tag="774" ind1="0" ind2=" ">
      <marc21:subfield code="a">Krämer, Bernd J.; Faculty of Mathematics and Computer Science, Informatik, Ehemalige Lehrstühle, Datenverarbeitungstechnik (Prof. Dr.-Ing. Bernd J. Krämer)</marc21:subfield>
      <marc21:subfield code="t">Data Analysis Report on the Impact of Technology on Learning in Open Universities and Distance Education</marc21:subfield>
      <marc21:subfield code="w">mir_mods_00000269</marc21:subfield>
    </marc21:datafield>
    <marc21:datafield tag="856" ind1=" " ind2=" ">
      <marc21:subfield code="u">https://reposis-test.gbv.de/hagen/receive/mir_mods_00000111</marc21:subfield>
      <marc21:subfield code="y">object in context</marc21:subfield>
    </marc21:datafield>
    <marc21:datafield tag="856" ind1=" " ind2=" ">
      <marc21:subfield code="u">https://reposis-test.gbv.de/hagen/receive/mir_mods_00000111</marc21:subfield>
      <marc21:subfield code="y">uri</marc21:subfield>
    </marc21:datafield>
  </marc21:record>