
  <marc21:record xmlns:marc21="http://www.loc.gov/MARC21/slim">
    <marc21:leader>     nac  22     uu 4500</marc21:leader>
    <marc21:controlfield tag="001">mir_mods_00000181</marc21:controlfield>
    <marc21:datafield tag="035" ind1=" " ind2=" ">
      <marc21:subfield code="a">mir_mods_00000181</marc21:subfield>
    </marc21:datafield>
    <marc21:datafield tag="040" ind1=" " ind2=" ">
      <marc21:subfield code="b">ger</marc21:subfield>
      <marc21:subfield code="c">DE-601</marc21:subfield>
      <marc21:subfield code="e">rda</marc21:subfield>
    </marc21:datafield>
    <marc21:datafield tag="084" ind1=" " ind2=" ">
      <marc21:subfield code="a">510</marc21:subfield>
      <marc21:subfield code="2">sdnb</marc21:subfield>
    </marc21:datafield>
    <marc21:datafield tag="100" ind1="1" ind2=" ">
      <marc21:subfield code="a">Böttcher, Roger</marc21:subfield>
      <marc21:subfield code="e">Author</marc21:subfield>
      <marc21:subfield code="4">aut</marc21:subfield>
      <marc21:subfield code="0">(DE-588)130898988</marc21:subfield>
    </marc21:datafield>
    <marc21:datafield tag="245" ind1="1" ind2="0">
      <marc21:subfield code="a">Einführung in die Theorie der algebraischen Kurven und deren Eigenschaften</marc21:subfield>
      <marc21:subfield code="c">Böttcher, Roger</marc21:subfield>
    </marc21:datafield>
    <marc21:datafield tag="250" ind1=" " ind2=" ">
      <marc21:subfield code="a">3. Auflage</marc21:subfield>
    </marc21:datafield>
    <marc21:datafield tag="260" ind1=" " ind2=" ">
      <marc21:subfield code="a">Hagen</marc21:subfield>
      <marc21:subfield code="b">FernUniversität in Hagen</marc21:subfield>
    </marc21:datafield>
    <marc21:datafield tag="264" ind1=" " ind2="1">
      <marc21:subfield code="c">2006</marc21:subfield>
    </marc21:datafield>
    <marc21:datafield tag="300" ind1=" " ind2=" ">
      <marc21:subfield code="a">IV, 416 Seiten</marc21:subfield>
    </marc21:datafield>
    <marc21:datafield tag="336" ind1=" " ind2=" ">
      <marc21:subfield code="a">text</marc21:subfield>
      <marc21:subfield code="b">txt</marc21:subfield>
      <marc21:subfield code="2">rdacontent</marc21:subfield>
    </marc21:datafield>
    <marc21:datafield tag="337" ind1=" " ind2=" ">
      <marc21:subfield code="a">Computermedien</marc21:subfield>
      <marc21:subfield code="b">c</marc21:subfield>
      <marc21:subfield code="2">rdamedia</marc21:subfield>
    </marc21:datafield>
    <marc21:datafield tag="338" ind1=" " ind2=" ">
      <marc21:subfield code="a">Online-Ressource</marc21:subfield>
      <marc21:subfield code="b">cr</marc21:subfield>
      <marc21:subfield code="2">rdacarrier</marc21:subfield>
    </marc21:datafield>
    <marc21:datafield tag="500" ind1=" " ind2=" ">
      <marc21:subfield code="a">Dipl., FernUniversität in Hagen, 2006 - erweiterte und veränderte Fassung</marc21:subfield>
    </marc21:datafield>
    <marc21:datafield tag="520" ind1=" " ind2=" ">
      <marc21:subfield code="a">In der algebraischen Geometrie werden Fragestellungen bzgl. räumlicher Beziehungen durch einen Vorgang des besonderen Modellierens von Geometrie in Fragestellungen der Algebra verwandelt. Diese Arbeitsweise wird hier an dem Begriff der Kurve diskutiert, der zu den fruchtbarsten Konzeptionen der reinen und angewandten Mathematik gehört. Gegenstand dieser Einführung in die Theorie der algebraischen Kurven, die als Nullstellenmengen von Polynomen über Ringe oder Körper definiert werden, sind ebene affine und projektive Kurven. Dabei können letztere als eine Kompaktifizierung der affinen Kurven angesehen werden, die es erlauben, die Klassifikation und das Schnittverhalten - mit weitreichenden Anwendungen - sehr übersichtlich zu gestalten. Von besonderer Bedeutung ist die Betrachtung komplexer Kurven, weil erst der algebraisch abgeschlossene Körper der komplexen Zahlen weitreichende Aussagen über die Struktur der Kurven ermöglicht. Die Theorie der algebraischen Kurven wird hier bis zu ersten Ergebnissen der Schnitttheorie - mit Anwendungen auf Quadriken und Kubiken - und der Vorstellung der Plückerschen Formeln entwickelt; viel Wert wird auf Beispiele und konkrete Berechnungen gelegt, welche die Theorie vertiefen und veranschaulichen sollen. Der Schwerpunkt der Arbeit - als Teilgebiet der algebraischen Geometrie - liegt mehr auf die Herausarbeitung geometrischer Aspekte und ihrer algebraischen Formulierung, weniger auf den Ausbau des Kurvenbegriffes auf möglichst umfassende algebraische Konzeptionen.</marc21:subfield>
    </marc21:datafield>
    <marc21:datafield tag="650" ind1="" ind2="4">
      <marc21:subfield code="a">Algebraische Kurven</marc21:subfield>
    </marc21:datafield>
    <marc21:datafield tag="700" ind1="1" ind2=" ">
      <marc21:subfield code="a">Duma, Andrei</marc21:subfield>
      <marc21:subfield code="e">Reviewer</marc21:subfield>
      <marc21:subfield code="4">rev</marc21:subfield>
      <marc21:subfield code="0">(DE-588)108213935</marc21:subfield>
    </marc21:datafield>
    <marc21:datafield tag="710" ind1="2" ind2=" ">
      <marc21:subfield code="a">Faculty of Mathematics and Computer Science</marc21:subfield>
      <marc21:subfield code="b">Mathematik</marc21:subfield>
      <marc21:subfield code="b">Ehemalige Lehrstühle</marc21:subfield>
      <marc21:subfield code="b">Komplexe Analysis (Prof. Dr. Andrei Duma)</marc21:subfield>
      <marc21:subfield code="e">host institution</marc21:subfield>
      <marc21:subfield code="4">his</marc21:subfield>
    </marc21:datafield>
    <marc21:datafield tag="856" ind1=" " ind2=" ">
      <marc21:subfield code="u">https://reposis-test.gbv.de/hagen/receive/mir_mods_00000181</marc21:subfield>
      <marc21:subfield code="y">object in context</marc21:subfield>
    </marc21:datafield>
    <marc21:datafield tag="856" ind1=" " ind2=" ">
      <marc21:subfield code="u">https://reposis-test.gbv.de/hagen/servlets/MCRFileNodeServlet/mir_derivate_00000182/Dipl_Boettcher_Algebraische_Kurven_2006.pdf</marc21:subfield>
      <marc21:subfield code="y">raw object</marc21:subfield>
    </marc21:datafield>
    <marc21:datafield tag="856" ind1=" " ind2=" ">
      <marc21:subfield code="u">https://reposis-test.gbv.de/hagen/rsc/thumbnail/mir_mods_00000181.png</marc21:subfield>
      <marc21:subfield code="y">preview</marc21:subfield>
    </marc21:datafield>
    <marc21:datafield tag="856" ind1=" " ind2=" ">
      <marc21:subfield code="u">https://reposis-test.gbv.de/hagen/receive/mir_mods_00000181</marc21:subfield>
      <marc21:subfield code="y">uri</marc21:subfield>
    </marc21:datafield>
  </marc21:record>