
  <marc21:record xmlns:marc21="http://www.loc.gov/MARC21/slim">
    <marc21:leader>     nac  22     uu 4500</marc21:leader>
    <marc21:controlfield tag="001">mir_mods_00000207</marc21:controlfield>
    <marc21:datafield tag="035" ind1=" " ind2=" ">
      <marc21:subfield code="a">mir_mods_00000207</marc21:subfield>
    </marc21:datafield>
    <marc21:datafield tag="040" ind1=" " ind2=" ">
      <marc21:subfield code="b">ger</marc21:subfield>
      <marc21:subfield code="c">DE-601</marc21:subfield>
      <marc21:subfield code="e">rda</marc21:subfield>
    </marc21:datafield>
    <marc21:datafield tag="084" ind1=" " ind2=" ">
      <marc21:subfield code="a">330</marc21:subfield>
      <marc21:subfield code="2">sdnb</marc21:subfield>
    </marc21:datafield>
    <marc21:datafield tag="100" ind1="1" ind2=" ">
      <marc21:subfield code="a">Knütter, Rolf</marc21:subfield>
      <marc21:subfield code="e">Author</marc21:subfield>
      <marc21:subfield code="4">aut</marc21:subfield>
      <marc21:subfield code="0">(DE-588)133754812</marc21:subfield>
    </marc21:datafield>
    <marc21:datafield tag="245" ind1="1" ind2="0">
      <marc21:subfield code="a">Zentralbank-Kommunikation und Finanzstabilität</marc21:subfield>
      <marc21:subfield code="b">eine Bestandsaufnahme</marc21:subfield>
      <marc21:subfield code="c">Knütter, Rolf;Mohr, Benjamin</marc21:subfield>
    </marc21:datafield>
    <marc21:datafield tag="264" ind1=" " ind2="1">
      <marc21:subfield code="a">Hagen</marc21:subfield>
      <marc21:subfield code="b">FernUniversität in Hagen</marc21:subfield>
      <marc21:subfield code="c">2008</marc21:subfield>
    </marc21:datafield>
    <marc21:datafield tag="300" ind1=" " ind2=" ">
      <marc21:subfield code="a">66 Seiten</marc21:subfield>
    </marc21:datafield>
    <marc21:datafield tag="336" ind1=" " ind2=" ">
      <marc21:subfield code="a">text</marc21:subfield>
      <marc21:subfield code="b">txt</marc21:subfield>
      <marc21:subfield code="2">rdacontent</marc21:subfield>
    </marc21:datafield>
    <marc21:datafield tag="337" ind1=" " ind2=" ">
      <marc21:subfield code="a">Computermedien</marc21:subfield>
      <marc21:subfield code="b">c</marc21:subfield>
      <marc21:subfield code="2">rdamedia</marc21:subfield>
    </marc21:datafield>
    <marc21:datafield tag="338" ind1=" " ind2=" ">
      <marc21:subfield code="a">Online-Ressource</marc21:subfield>
      <marc21:subfield code="b">cr</marc21:subfield>
      <marc21:subfield code="2">rdacarrier</marc21:subfield>
    </marc21:datafield>
    <marc21:datafield tag="490" ind1="0" ind2=" ">
      <marc21:subfield code="a">Diskussionsbeiträge der Fakultät für Wirtschaftswissenschaft  der FernUniversität in Hagen</marc21:subfield>
    </marc21:datafield>
    <marc21:datafield tag="520" ind1=" " ind2=" ">
      <marc21:subfield code="a">Die Studie geht der Frage nach, welche Auswirkungen Zentralbank- Kommunikation auf Finanzstabilität haben kann. Wir legen die grundlegenden Konzepte der Finanzstabilität sowie der Zentralbank-Kommunikation dar, indem wir einen Überblick über die einschlägige Literatur der jeweiligen Themenkomplexe geben. Ziel dieses Surveys ist, die relevante Literatur zu diskutieren und Schlussfolgerungen im Hinblick auf die Fragestellung zu ziehen, ob Zentralbank-Kommunikation die Finanzmärkte bewegen kann. Dabei systematisieren wir die Kommunikationskanäle in Instrumente bezüglich des geldpolitischen Entscheidungsverhaltens und Instrumente des Zentralbank-Berichtswesens. Die von uns betrachten Studien deuten darauf hin, dass Zentralbanken die Finanzmärkte mittels der ihnen zur Verfügung stehenden Kommunikationskanäle bewegen können. Obwohl unsere Schlussfolgerungen nahe legen, dass Zentralbanken auf lange Sicht sogar in stabilisierender Art und Weise auf diese Einfluss nehmen können, besteht diesbezüglich noch grundlegender Forschungsbedarf. Schließlich betrachtet diese Studie Zentralbank-Kommunikation im Lichte der Subprimekrise.</marc21:subfield>
    </marc21:datafield>
    <marc21:datafield tag="650" ind1="" ind2="4">
      <marc21:subfield code="a">Zentralbank-Kommunikation</marc21:subfield>
    </marc21:datafield>
    <marc21:datafield tag="650" ind1="" ind2="4">
      <marc21:subfield code="a">Transparenz</marc21:subfield>
    </marc21:datafield>
    <marc21:datafield tag="650" ind1="" ind2="4">
      <marc21:subfield code="a">Finanzstabilität</marc21:subfield>
    </marc21:datafield>
    <marc21:datafield tag="650" ind1="" ind2="4">
      <marc21:subfield code="a">Volatilität</marc21:subfield>
    </marc21:datafield>
    <marc21:datafield tag="655" ind1=" " ind2="4">
      <marc21:subfield code="a">book</marc21:subfield>
    </marc21:datafield>
    <marc21:datafield tag="700" ind1="1" ind2=" ">
      <marc21:subfield code="a">Mohr, Benjamin</marc21:subfield>
      <marc21:subfield code="e">Author</marc21:subfield>
      <marc21:subfield code="4">aut</marc21:subfield>
      <marc21:subfield code="0">(DE-588)137111304</marc21:subfield>
    </marc21:datafield>
    <marc21:datafield tag="710" ind1="2" ind2=" ">
      <marc21:subfield code="a">Faculty of Business Administration and Economics</marc21:subfield>
      <marc21:subfield code="b">Volkswirtschaftslehre</marc21:subfield>
      <marc21:subfield code="b">Makroökonomik (Univ.-Prof. Dr. Helmut Wagner)</marc21:subfield>
      <marc21:subfield code="e">host institution</marc21:subfield>
      <marc21:subfield code="4">his</marc21:subfield>
    </marc21:datafield>
    <marc21:datafield tag="810" ind1="2" ind2=" ">
      <marc21:subfield code="a">FernUniversität in Hagen</marc21:subfield>
      <marc21:subfield code="b">Fakultät für Wirtschaftswissenschaft</marc21:subfield>
      <marc21:subfield code="e">Publisher</marc21:subfield>
      <marc21:subfield code="4">pbl</marc21:subfield>
    </marc21:datafield>
    <marc21:datafield tag="830" ind1=" " ind2=" ">
      <marc21:subfield code="a">Diskussionsbeiträge der Fakultät für Wirtschaftswissenschaft  der FernUniversität in Hagen</marc21:subfield>
      <marc21:subfield code="w">mir_mods_00000206</marc21:subfield>
    </marc21:datafield>
    <marc21:datafield tag="856" ind1=" " ind2=" ">
      <marc21:subfield code="u">https://reposis-test.gbv.de/hagen/receive/mir_mods_00000207</marc21:subfield>
      <marc21:subfield code="y">object in context</marc21:subfield>
    </marc21:datafield>
    <marc21:datafield tag="856" ind1=" " ind2=" ">
      <marc21:subfield code="u">https://reposis-test.gbv.de/hagen/servlets/MCRFileNodeServlet/mir_derivate_00000548/Knütter_Mohr_Zentralbank-Kommunikation_2008.pdf</marc21:subfield>
      <marc21:subfield code="y">raw object</marc21:subfield>
    </marc21:datafield>
    <marc21:datafield tag="856" ind1=" " ind2=" ">
      <marc21:subfield code="u">https://reposis-test.gbv.de/hagen/rsc/thumbnail/mir_mods_00000207.png</marc21:subfield>
      <marc21:subfield code="y">preview</marc21:subfield>
    </marc21:datafield>
    <marc21:datafield tag="856" ind1=" " ind2=" ">
      <marc21:subfield code="u">https://reposis-test.gbv.de/hagen/receive/mir_mods_00000207</marc21:subfield>
      <marc21:subfield code="y">uri</marc21:subfield>
    </marc21:datafield>
  </marc21:record>