
  <marc21:record xmlns:marc21="http://www.loc.gov/MARC21/slim">
    <marc21:leader>     nac  22     uu 4500</marc21:leader>
    <marc21:controlfield tag="001">mir_mods_00000212</marc21:controlfield>
    <marc21:datafield tag="020" ind1=" " ind2=" ">
      <marc21:subfield code="z">0-7695-2080-4</marc21:subfield>
    </marc21:datafield>
    <marc21:datafield tag="035" ind1=" " ind2=" ">
      <marc21:subfield code="a">mir_mods_00000212</marc21:subfield>
    </marc21:datafield>
    <marc21:datafield tag="040" ind1=" " ind2=" ">
      <marc21:subfield code="b">ger</marc21:subfield>
      <marc21:subfield code="c">DE-601</marc21:subfield>
      <marc21:subfield code="e">rda</marc21:subfield>
    </marc21:datafield>
    <marc21:datafield tag="084" ind1=" " ind2=" ">
      <marc21:subfield code="a">000</marc21:subfield>
      <marc21:subfield code="2">sdnb</marc21:subfield>
    </marc21:datafield>
    <marc21:datafield tag="245" ind1="1" ind2="0">
      <marc21:subfield code="a">International Conference on Parallel Computing in Electrical Engineering, 2004</marc21:subfield>
      <marc21:subfield code="b">Sept. 7 - 10, 2004, [Dresden, Germany ; PARELEC 2004 ; Workshop on System Design Automation (SDA) ; proceedings]</marc21:subfield>
    </marc21:datafield>
    <marc21:datafield tag="264" ind1=" " ind2="1">
      <marc21:subfield code="a">Los Alamitos, California</marc21:subfield>
      <marc21:subfield code="b">IEEE Computer Society</marc21:subfield>
      <marc21:subfield code="c">2004</marc21:subfield>
    </marc21:datafield>
    <marc21:datafield tag="300" ind1=" " ind2=" ">
      <marc21:subfield code="a">XVIII, 404 Seiten</marc21:subfield>
    </marc21:datafield>
    <marc21:datafield tag="336" ind1=" " ind2=" ">
      <marc21:subfield code="a">text</marc21:subfield>
      <marc21:subfield code="b">txt</marc21:subfield>
      <marc21:subfield code="2">rdacontent</marc21:subfield>
    </marc21:datafield>
    <marc21:datafield tag="337" ind1=" " ind2=" ">
      <marc21:subfield code="a">Computermedien</marc21:subfield>
      <marc21:subfield code="b">c</marc21:subfield>
      <marc21:subfield code="2">rdamedia</marc21:subfield>
    </marc21:datafield>
    <marc21:datafield tag="338" ind1=" " ind2=" ">
      <marc21:subfield code="a">Online-Ressource</marc21:subfield>
      <marc21:subfield code="b">cr</marc21:subfield>
      <marc21:subfield code="2">rdacarrier</marc21:subfield>
    </marc21:datafield>
    <marc21:datafield tag="655" ind1=" " ind2="4">
      <marc21:subfield code="a">conference_publication</marc21:subfield>
    </marc21:datafield>
    <marc21:datafield tag="710" ind1="2" ind2=" ">
      <marc21:subfield code="a">IEEE Computer Society</marc21:subfield>
      <marc21:subfield code="b">Technical Committee on Parallel Processing (TCPP)</marc21:subfield>
      <marc21:subfield code="e">Publisher</marc21:subfield>
      <marc21:subfield code="4">pbl</marc21:subfield>
    </marc21:datafield>
    <marc21:datafield tag="711" ind1="2" ind2=" ">
      <marc21:subfield code="a">Parallel Computing in Electrical Engineering (4. : 2004 September 7-10 : Dresden, Deustschland)</marc21:subfield>
    </marc21:datafield>
    <marc21:datafield tag="774" ind1="0" ind2=" ">
      <marc21:subfield code="a">Fechner, Bernhard; Keller, Jörg; Faculty of Mathematics and Computer Science, Informatik, Parallelität und VLSI (Prof. Dr. Jörg Keller)</marc21:subfield>
      <marc21:subfield code="t">fault-tolerant voting scheme for multithreaded environments</marc21:subfield>
      <marc21:subfield code="w">mir_mods_00000211</marc21:subfield>
    </marc21:datafield>
    <marc21:datafield tag="856" ind1=" " ind2=" ">
      <marc21:subfield code="u">https://reposis-test.gbv.de/hagen/receive/mir_mods_00000212</marc21:subfield>
      <marc21:subfield code="y">object in context</marc21:subfield>
    </marc21:datafield>
    <marc21:datafield tag="856" ind1=" " ind2=" ">
      <marc21:subfield code="u">https://reposis-test.gbv.de/hagen/receive/mir_mods_00000212</marc21:subfield>
      <marc21:subfield code="y">uri</marc21:subfield>
    </marc21:datafield>
  </marc21:record>