
  <marc21:record xmlns:marc21="http://www.loc.gov/MARC21/slim">
    <marc21:leader>     nam  22     uu 4500</marc21:leader>
    <marc21:controlfield tag="001">mir_mods_00000428</marc21:controlfield>
    <marc21:datafield tag="022" ind1=" " ind2=" ">
      <marc21:subfield code="a">1564-6394</marc21:subfield>
    </marc21:datafield>
    <marc21:datafield tag="035" ind1=" " ind2=" ">
      <marc21:subfield code="a">mir_mods_00000428</marc21:subfield>
    </marc21:datafield>
    <marc21:datafield tag="040" ind1=" " ind2=" ">
      <marc21:subfield code="b">ger</marc21:subfield>
      <marc21:subfield code="c">DE-601</marc21:subfield>
      <marc21:subfield code="e">rda</marc21:subfield>
    </marc21:datafield>
    <marc21:datafield tag="084" ind1=" " ind2=" ">
      <marc21:subfield code="a">330</marc21:subfield>
      <marc21:subfield code="2">sdnb</marc21:subfield>
    </marc21:datafield>
    <marc21:datafield tag="210" ind1="1" ind2=" ">
      <marc21:subfield code="a">WDR</marc21:subfield>
    </marc21:datafield>
    <marc21:datafield tag="245" ind1="1" ind2="0">
      <marc21:subfield code="a">World development report</marc21:subfield>
      <marc21:subfield code="c">The World Bank</marc21:subfield>
    </marc21:datafield>
    <marc21:datafield tag="264" ind1=" " ind2="1">
      <marc21:subfield code="a">Washington, DC</marc21:subfield>
      <marc21:subfield code="b">The World Bank</marc21:subfield>
    </marc21:datafield>
    <marc21:datafield tag="336" ind1=" " ind2=" ">
      <marc21:subfield code="a">text</marc21:subfield>
      <marc21:subfield code="b">txt</marc21:subfield>
      <marc21:subfield code="2">rdacontent</marc21:subfield>
    </marc21:datafield>
    <marc21:datafield tag="337" ind1=" " ind2=" ">
      <marc21:subfield code="a">Computermedien</marc21:subfield>
      <marc21:subfield code="b">c</marc21:subfield>
      <marc21:subfield code="2">rdamedia</marc21:subfield>
    </marc21:datafield>
    <marc21:datafield tag="338" ind1=" " ind2=" ">
      <marc21:subfield code="a">Online-Ressource</marc21:subfield>
      <marc21:subfield code="b">cr</marc21:subfield>
      <marc21:subfield code="2">rdacarrier</marc21:subfield>
    </marc21:datafield>
    <marc21:datafield tag="520" ind1=" " ind2=" ">
      <marc21:subfield code="a">The World Bank’s World Development Report, published annually since 1978, is an invaluable guide to the economic, social, and environmental state of the world today. Each report provides in-depth analysis and policy recommendations on a specific and important aspect of development—from agriculture, the role of the state, transition economies, and labor to infrastructure, health, the environment, and poverty. Through the quality and timeliness of the information it provides, the report has become a highly influential publication that is used by many multilateral and bilateral international organizations, national governments, scholars, civil society networks and groups, and other global thought leaders to support their decision-making processes. This corporate flagship undergoes extensive internal and external review and is one of the key outputs of the World Bank's Development Economics unit. (https://openknowledge.worldbank.org/handle/10986/2124)</marc21:subfield>
    </marc21:datafield>
    <marc21:datafield tag="650" ind1="" ind2="4">
      <marc21:subfield code="a">Internationale Wirtschaftsmärkte</marc21:subfield>
    </marc21:datafield>
    <marc21:datafield tag="655" ind1=" " ind2="4">
      <marc21:subfield code="a">series</marc21:subfield>
    </marc21:datafield>
    <marc21:datafield tag="700" ind1="1" ind2=" ">
      <marc21:subfield code="a">The World Bank</marc21:subfield>
      <marc21:subfield code="e">Editor</marc21:subfield>
      <marc21:subfield code="4">edt</marc21:subfield>
    </marc21:datafield>
    <marc21:datafield tag="774" ind1="0" ind2=" ">
      <marc21:subfield code="a">The World Bank; Universitätsbibliothek Hagen (Digitale Sammlungen), Digitalisate und Netzpublikationen</marc21:subfield>
      <marc21:subfield code="t">Learning to Realize Educations's Promise</marc21:subfield>
      <marc21:subfield code="z">978-1-4648-1098-5</marc21:subfield>
      <marc21:subfield code="w">mir_mods_00001388</marc21:subfield>
    </marc21:datafield>
    <marc21:datafield tag="774" ind1="0" ind2=" ">
      <marc21:subfield code="a">The World Bank; Universitätsbibliothek Hagen (Digitale Sammlungen), Digitalisate und Netzpublikationen</marc21:subfield>
      <marc21:subfield code="t">Governance and the Law</marc21:subfield>
      <marc21:subfield code="z">978-1-4648-0951-4</marc21:subfield>
      <marc21:subfield code="w">mir_mods_00001381</marc21:subfield>
    </marc21:datafield>
    <marc21:datafield tag="774" ind1="0" ind2=" ">
      <marc21:subfield code="a">The World Bank; Universitätsbibliothek Hagen (Digitale Sammlungen), Digitalisate und Netzpublikationen</marc21:subfield>
      <marc21:subfield code="t">Digital Dividends</marc21:subfield>
      <marc21:subfield code="z">978-1-4648-0672-8</marc21:subfield>
      <marc21:subfield code="w">mir_mods_00000429</marc21:subfield>
    </marc21:datafield>
    <marc21:datafield tag="774" ind1="0" ind2=" ">
      <marc21:subfield code="a">The World Bank; Universitätsbibliothek Hagen (Digitale Sammlungen), Digitalisate und Netzpublikationen</marc21:subfield>
      <marc21:subfield code="t">Mind, society, and behavior</marc21:subfield>
      <marc21:subfield code="z">978-1-4648-0343-7</marc21:subfield>
      <marc21:subfield code="w">mir_mods_00000430</marc21:subfield>
    </marc21:datafield>
    <marc21:datafield tag="774" ind1="0" ind2=" ">
      <marc21:subfield code="a">The World Bank; Universitätsbibliothek Hagen (Digitale Sammlungen), Digitalisate und Netzpublikationen</marc21:subfield>
      <marc21:subfield code="t">Risk and opportunity</marc21:subfield>
      <marc21:subfield code="z">978-0-8213-9982-8</marc21:subfield>
      <marc21:subfield code="w">mir_mods_00000434</marc21:subfield>
    </marc21:datafield>
    <marc21:datafield tag="856" ind1=" " ind2=" ">
      <marc21:subfield code="u">https://reposis-test.gbv.de/hagen/receive/mir_mods_00000428</marc21:subfield>
      <marc21:subfield code="y">object in context</marc21:subfield>
    </marc21:datafield>
    <marc21:datafield tag="856" ind1=" " ind2=" ">
      <marc21:subfield code="u">https://reposis-test.gbv.de/hagen/receive/mir_mods_00000428</marc21:subfield>
      <marc21:subfield code="y">uri</marc21:subfield>
    </marc21:datafield>
  </marc21:record>