
  <marc21:record xmlns:marc21="http://www.loc.gov/MARC21/slim">
    <marc21:leader>     nam  22     uu 4500</marc21:leader>
    <marc21:controlfield tag="001">mir_mods_00001391</marc21:controlfield>
    <marc21:datafield tag="024" ind1="7" ind2=" ">
      <marc21:subfield code="a">10.18445/20180806-115758-0</marc21:subfield>
      <marc21:subfield code="2">doi</marc21:subfield>
    </marc21:datafield>
    <marc21:datafield tag="035" ind1=" " ind2=" ">
      <marc21:subfield code="a">mir_mods_00001391</marc21:subfield>
    </marc21:datafield>
    <marc21:datafield tag="040" ind1=" " ind2=" ">
      <marc21:subfield code="b">ger</marc21:subfield>
      <marc21:subfield code="c">DE-601</marc21:subfield>
      <marc21:subfield code="e">rda</marc21:subfield>
    </marc21:datafield>
    <marc21:datafield tag="084" ind1=" " ind2=" ">
      <marc21:subfield code="a">300</marc21:subfield>
      <marc21:subfield code="2">sdnb</marc21:subfield>
    </marc21:datafield>
    <marc21:datafield tag="100" ind1="1" ind2=" ">
      <marc21:subfield code="a">Junge, Thorsten</marc21:subfield>
      <marc21:subfield code="e">Author</marc21:subfield>
      <marc21:subfield code="4">aut</marc21:subfield>
      <marc21:subfield code="0">(DE-588)1047171945</marc21:subfield>
    </marc21:datafield>
    <marc21:datafield tag="245" ind1="1" ind2="0">
      <marc21:subfield code="a">Editorial der Herausgeber</marc21:subfield>
      <marc21:subfield code="c">Junge, Thorsten;Schumacher, Claudia;Clausen, Dennis</marc21:subfield>
    </marc21:datafield>
    <marc21:datafield tag="264" ind1=" " ind2="1">
      <marc21:subfield code="c">2018</marc21:subfield>
    </marc21:datafield>
    <marc21:datafield tag="300" ind1=" " ind2=" ">
      <marc21:subfield code="a">10 Seiten</marc21:subfield>
    </marc21:datafield>
    <marc21:datafield tag="336" ind1=" " ind2=" ">
      <marc21:subfield code="a">text</marc21:subfield>
      <marc21:subfield code="b">txt</marc21:subfield>
      <marc21:subfield code="2">rdacontent</marc21:subfield>
    </marc21:datafield>
    <marc21:datafield tag="337" ind1=" " ind2=" ">
      <marc21:subfield code="a">Computermedien</marc21:subfield>
      <marc21:subfield code="b">c</marc21:subfield>
      <marc21:subfield code="2">rdamedia</marc21:subfield>
    </marc21:datafield>
    <marc21:datafield tag="338" ind1=" " ind2=" ">
      <marc21:subfield code="a">Online-Ressource</marc21:subfield>
      <marc21:subfield code="b">cr</marc21:subfield>
      <marc21:subfield code="2">rdacarrier</marc21:subfield>
    </marc21:datafield>
    <marc21:datafield tag="655" ind1=" " ind2="4">
      <marc21:subfield code="a">article</marc21:subfield>
    </marc21:datafield>
    <marc21:datafield tag="700" ind1="1" ind2=" ">
      <marc21:subfield code="a">Schumacher, Claudia</marc21:subfield>
      <marc21:subfield code="e">Author</marc21:subfield>
      <marc21:subfield code="4">aut</marc21:subfield>
    </marc21:datafield>
    <marc21:datafield tag="700" ind1="1" ind2=" ">
      <marc21:subfield code="a">Clausen, Dennis</marc21:subfield>
      <marc21:subfield code="e">Author</marc21:subfield>
      <marc21:subfield code="4">aut</marc21:subfield>
      <marc21:subfield code="0">(DE-588)1045663530</marc21:subfield>
    </marc21:datafield>
    <marc21:datafield tag="710" ind1="2" ind2=" ">
      <marc21:subfield code="a">Faculty of Cultural and Social Sciences</marc21:subfield>
      <marc21:subfield code="b">Institut für Bildungswissenschaft und Medienforschung</marc21:subfield>
      <marc21:subfield code="b">Bildungstheorie und Medienpädagogik (Prof. Dr. Claudia de Witt)</marc21:subfield>
      <marc21:subfield code="e">host institution</marc21:subfield>
      <marc21:subfield code="4">his</marc21:subfield>
    </marc21:datafield>
    <marc21:datafield tag="773" ind1="0" ind2=" ">
      <marc21:subfield code="a">Junge, Thorsten; Schumacher, Claudia; Clausen, Dennis; Faculty of Cultural and Social Sciences, Institut für Bildungswissenschaft und Medienforschung, Bildungstheorie und Medienpädagogik (Prof. Dr. Claudia de Witt)</marc21:subfield>
      <marc21:subfield code="t">Digitale Spiele im Diskurs</marc21:subfield>
      <marc21:subfield code="w">mir_mods_00000554</marc21:subfield>
      <marc21:subfield code="n">Es gibt keine durchgehende Zählung.&#13;
Seit Oktober 2017 hat die Zeitschrift einen zusätzlichen Herausgeber: Frau Claudia Schumacher</marc21:subfield>
    </marc21:datafield>
    <marc21:datafield tag="773" ind1="0" ind2=" ">
      <marc21:subfield code="t">Digitale Spiele im Diskurs</marc21:subfield>
    </marc21:datafield>
    <marc21:datafield tag="780" ind1="0" ind2="0">
      <marc21:subfield code="a">Junge, Thorsten; Clausen, Dennis; Faculty of Cultural and Social Sciences, Institut für Bildungswissenschaft und Medienforschung, Bildungstheorie und Medienpädagogik (Prof. Dr. Claudia de Witt)</marc21:subfield>
      <marc21:subfield code="t">Vorwort</marc21:subfield>
      <marc21:subfield code="h">9 Seiten</marc21:subfield>
      <marc21:subfield code="w">mir_mods_00000555</marc21:subfield>
    </marc21:datafield>
    <marc21:datafield tag="856" ind1=" " ind2=" ">
      <marc21:subfield code="u">https://reposis-test.gbv.de/hagen/receive/mir_mods_00001391</marc21:subfield>
      <marc21:subfield code="y">object in context</marc21:subfield>
    </marc21:datafield>
    <marc21:datafield tag="856" ind1=" " ind2=" ">
      <marc21:subfield code="u">https://reposis-test.gbv.de/hagen/servlets/MCRFileNodeServlet/mir_derivate_00001648/DSiD_Editorial_der_Herausgeber_2018.pdf</marc21:subfield>
      <marc21:subfield code="y">raw object</marc21:subfield>
    </marc21:datafield>
    <marc21:datafield tag="856" ind1=" " ind2=" ">
      <marc21:subfield code="u">https://reposis-test.gbv.de/hagen/rsc/thumbnail/mir_mods_00001391.png</marc21:subfield>
      <marc21:subfield code="y">preview</marc21:subfield>
    </marc21:datafield>
    <marc21:datafield tag="856" ind1=" " ind2=" ">
      <marc21:subfield code="u">https://reposis-test.gbv.de/hagen/receive/mir_mods_00001391</marc21:subfield>
      <marc21:subfield code="y">uri</marc21:subfield>
    </marc21:datafield>
  </marc21:record>