
  <marc21:record xmlns:marc21="http://www.loc.gov/MARC21/slim">
    <marc21:leader>     nam  22     uu 4500</marc21:leader>
    <marc21:controlfield tag="001">mir_mods_00001440</marc21:controlfield>
    <marc21:datafield tag="024" ind1="7" ind2=" ">
      <marc21:subfield code="a">10.18445/20180919-090052-0</marc21:subfield>
      <marc21:subfield code="2">doi</marc21:subfield>
    </marc21:datafield>
    <marc21:datafield tag="035" ind1=" " ind2=" ">
      <marc21:subfield code="a">mir_mods_00001440</marc21:subfield>
    </marc21:datafield>
    <marc21:datafield tag="040" ind1=" " ind2=" ">
      <marc21:subfield code="b">ger</marc21:subfield>
      <marc21:subfield code="c">DE-601</marc21:subfield>
      <marc21:subfield code="e">rda</marc21:subfield>
    </marc21:datafield>
    <marc21:datafield tag="084" ind1=" " ind2=" ">
      <marc21:subfield code="a">510</marc21:subfield>
      <marc21:subfield code="2">sdnb</marc21:subfield>
    </marc21:datafield>
    <marc21:datafield tag="100" ind1="1" ind2=" ">
      <marc21:subfield code="a">Felten, Michael</marc21:subfield>
      <marc21:subfield code="e">Author</marc21:subfield>
      <marc21:subfield code="4">aut</marc21:subfield>
      <marc21:subfield code="0">(DE-588)142659266</marc21:subfield>
    </marc21:datafield>
    <marc21:datafield tag="245" ind1="1" ind2="0">
      <marc21:subfield code="a">Seminarberichte Nr. 75</marc21:subfield>
      <marc21:subfield code="c">Dozentinnen und Dozenten der Mathematik;Felten, Michael</marc21:subfield>
    </marc21:datafield>
    <marc21:datafield tag="246" ind1="3" ind2=" ">
      <marc21:subfield code="a">Boundedness of First Order Cesàro Means in Jacobi Spaces and Weighted Approximation on [-1, 1]</marc21:subfield>
    </marc21:datafield>
    <marc21:datafield tag="264" ind1=" " ind2="1">
      <marc21:subfield code="a">Hagen</marc21:subfield>
      <marc21:subfield code="b">FernUniversität in Hagen</marc21:subfield>
      <marc21:subfield code="c">2004</marc21:subfield>
    </marc21:datafield>
    <marc21:datafield tag="300" ind1=" " ind2=" ">
      <marc21:subfield code="a">170 Seiten</marc21:subfield>
    </marc21:datafield>
    <marc21:datafield tag="336" ind1=" " ind2=" ">
      <marc21:subfield code="a">text</marc21:subfield>
      <marc21:subfield code="b">txt</marc21:subfield>
      <marc21:subfield code="2">rdacontent</marc21:subfield>
    </marc21:datafield>
    <marc21:datafield tag="337" ind1=" " ind2=" ">
      <marc21:subfield code="a">Computermedien</marc21:subfield>
      <marc21:subfield code="b">c</marc21:subfield>
      <marc21:subfield code="2">rdamedia</marc21:subfield>
    </marc21:datafield>
    <marc21:datafield tag="338" ind1=" " ind2=" ">
      <marc21:subfield code="a">Online-Ressource</marc21:subfield>
      <marc21:subfield code="b">cr</marc21:subfield>
      <marc21:subfield code="2">rdacarrier</marc21:subfield>
    </marc21:datafield>
    <marc21:datafield tag="490" ind1="0" ind2=" ">
      <marc21:subfield code="a">Seminarberichte aus dem Fachbereich Mathematik der FernUniversität in Hagen</marc21:subfield>
      <marc21:subfield code="b">hrsg. von den Dozentinnen und Dozenten der Mathematik</marc21:subfield>
    </marc21:datafield>
    <marc21:datafield tag="500" ind1=" " ind2=" ">
      <marc21:subfield code="a">Zugl.: Habilitation, FernUniversität, 2003</marc21:subfield>
    </marc21:datafield>
    <marc21:datafield tag="710" ind1="2" ind2=" ">
      <marc21:subfield code="a">Dozentinnen und Dozenten der Mathematik</marc21:subfield>
      <marc21:subfield code="e">Editor</marc21:subfield>
      <marc21:subfield code="4">edt</marc21:subfield>
    </marc21:datafield>
    <marc21:datafield tag="710" ind1="2" ind2=" ">
      <marc21:subfield code="a">Faculty of Mathematics and Computer Science</marc21:subfield>
      <marc21:subfield code="e">host institution</marc21:subfield>
      <marc21:subfield code="4">his</marc21:subfield>
    </marc21:datafield>
    <marc21:datafield tag="800" ind1="1" ind2=" ">
      <marc21:subfield code="a">Dozentinnen</marc21:subfield>
      <marc21:subfield code="b">und Dozenten der Mathematik</marc21:subfield>
      <marc21:subfield code="e">Editor</marc21:subfield>
      <marc21:subfield code="4">edt</marc21:subfield>
    </marc21:datafield>
    <marc21:datafield tag="810" ind1="2" ind2=" ">
      <marc21:subfield code="a">Faculty of Mathematics and Computer Science</marc21:subfield>
      <marc21:subfield code="4">his</marc21:subfield>
    </marc21:datafield>
    <marc21:datafield tag="830" ind1=" " ind2=" ">
      <marc21:subfield code="a">Seminarberichte aus dem Fachbereich Mathematik der FernUniversität in Hagen</marc21:subfield>
      <marc21:subfield code="b">hrsg. von den Dozentinnen und Dozenten der Mathematik</marc21:subfield>
      <marc21:subfield code="w">mir_mods_00001324</marc21:subfield>
    </marc21:datafield>
    <marc21:datafield tag="856" ind1=" " ind2=" ">
      <marc21:subfield code="u">https://reposis-test.gbv.de/hagen/receive/mir_mods_00001440</marc21:subfield>
      <marc21:subfield code="y">object in context</marc21:subfield>
    </marc21:datafield>
    <marc21:datafield tag="856" ind1=" " ind2=" ">
      <marc21:subfield code="u">https://reposis-test.gbv.de/hagen/servlets/MCRFileNodeServlet/mir_derivate_00001711/SB_MA_Hagen_75_2004.pdf</marc21:subfield>
      <marc21:subfield code="y">raw object</marc21:subfield>
    </marc21:datafield>
    <marc21:datafield tag="856" ind1=" " ind2=" ">
      <marc21:subfield code="u">https://reposis-test.gbv.de/hagen/rsc/thumbnail/mir_mods_00001440.png</marc21:subfield>
      <marc21:subfield code="y">preview</marc21:subfield>
    </marc21:datafield>
    <marc21:datafield tag="856" ind1=" " ind2=" ">
      <marc21:subfield code="u">https://reposis-test.gbv.de/hagen/receive/mir_mods_00001440</marc21:subfield>
      <marc21:subfield code="y">uri</marc21:subfield>
    </marc21:datafield>
  </marc21:record>