
  <marc21:record xmlns:marc21="http://www.loc.gov/MARC21/slim">
    <marc21:leader>     nam  22     uu 4500</marc21:leader>
    <marc21:controlfield tag="001">mir_mods_00001869</marc21:controlfield>
    <marc21:datafield tag="024" ind1="7" ind2=" ">
      <marc21:subfield code="a">10.18445/20220910-121730-0</marc21:subfield>
      <marc21:subfield code="2">doi</marc21:subfield>
    </marc21:datafield>
    <marc21:datafield tag="035" ind1=" " ind2=" ">
      <marc21:subfield code="a">mir_mods_00001869</marc21:subfield>
    </marc21:datafield>
    <marc21:datafield tag="040" ind1=" " ind2=" ">
      <marc21:subfield code="b">ger</marc21:subfield>
      <marc21:subfield code="c">DE-601</marc21:subfield>
      <marc21:subfield code="e">rda</marc21:subfield>
    </marc21:datafield>
    <marc21:datafield tag="084" ind1=" " ind2=" ">
      <marc21:subfield code="a">340</marc21:subfield>
      <marc21:subfield code="2">sdnb</marc21:subfield>
    </marc21:datafield>
    <marc21:datafield tag="100" ind1="1" ind2=" ">
      <marc21:subfield code="a">Ladendorf, Oliver</marc21:subfield>
      <marc21:subfield code="e">Author</marc21:subfield>
      <marc21:subfield code="4">aut</marc21:subfield>
      <marc21:subfield code="0">(DE-588)124607314</marc21:subfield>
    </marc21:datafield>
    <marc21:datafield tag="242" ind1="1" ind2="0">
      <marc21:subfield code="a">Patentability of embryonic stem cells</marc21:subfield>
      <marc21:subfield code="c">Ladendorf, Oliver;Völzmann-Stickelbrock, Barbara</marc21:subfield>
    </marc21:datafield>
    <marc21:datafield tag="245" ind1="1" ind2="0">
      <marc21:subfield code="a">Die Patentfähigkeit embryonaler Stammzellen</marc21:subfield>
      <marc21:subfield code="c">Ladendorf, Oliver;Völzmann-Stickelbrock, Barbara</marc21:subfield>
    </marc21:datafield>
    <marc21:datafield tag="260" ind1=" " ind2=" ">
      <marc21:subfield code="a">Hagen</marc21:subfield>
      <marc21:subfield code="b">FernUniversität in Hagen</marc21:subfield>
      <marc21:subfield code="c">2013</marc21:subfield>
    </marc21:datafield>
    <marc21:datafield tag="264" ind1=" " ind2="1">
      <marc21:subfield code="c">2013</marc21:subfield>
    </marc21:datafield>
    <marc21:datafield tag="300" ind1=" " ind2=" ">
      <marc21:subfield code="a">VII, 50 Seiten</marc21:subfield>
    </marc21:datafield>
    <marc21:datafield tag="336" ind1=" " ind2=" ">
      <marc21:subfield code="a">text</marc21:subfield>
      <marc21:subfield code="b">txt</marc21:subfield>
      <marc21:subfield code="2">rdacontent</marc21:subfield>
    </marc21:datafield>
    <marc21:datafield tag="337" ind1=" " ind2=" ">
      <marc21:subfield code="a">Computermedien</marc21:subfield>
      <marc21:subfield code="b">c</marc21:subfield>
      <marc21:subfield code="2">rdamedia</marc21:subfield>
    </marc21:datafield>
    <marc21:datafield tag="338" ind1=" " ind2=" ">
      <marc21:subfield code="a">Online-Ressource</marc21:subfield>
      <marc21:subfield code="b">cr</marc21:subfield>
      <marc21:subfield code="2">rdacarrier</marc21:subfield>
    </marc21:datafield>
    <marc21:datafield tag="520" ind1=" " ind2=" ">
      <marc21:subfield code="a">Die Arbeit befasst sich mit der Patentierbarkeit embryonaler Stammzellen. Die Thematik embryonaler Zellen ist sowohl ethisch, wie auch patentrechtlich extrem komplex und hat auf der ethisch-interpretatorischen Seite, als auch im Kontext der Gesetzgebung und Rechtsprechung in der letzten Dekade Anlass zu vielfältigen und kaum zu lösenden Konflikten gegeben. Die Patentierung von humanen embryonalen Stammzellen in den EPÜ-Vertragsstaaten und den EU-Mitgliedsstaaten wurde dabei durch die zentrale Instanz der BiopatRiLi und ihre jeweiligen Implementierungen in nationalem und supranationalem Recht in einer Weise reguliert, welche aufgrund der zugrundliegenden widerstreitenden politischen Interessen der europäischen Staaten und der europäischen Parteien eine eindeutige und klare Definition zentraler Elemente wie "Embryo" oder "Verwendung menschlicher Embryonen" verhindert hat. Diese Tatsache hat in Folge zu mehreren gerichtlichen Auseinandersetzungen auf verschiedenen Ebenen des europäischen Patentrechts geführt, welche teilweise inkongruente Ergebnissen erbracht haben.</marc21:subfield>
    </marc21:datafield>
    <marc21:datafield tag="650" ind1="" ind2="4">
      <marc21:subfield code="a">Patentierbarkeit, embryonale Stammzelle</marc21:subfield>
    </marc21:datafield>
    <marc21:datafield tag="655" ind1=" " ind2="4">
      <marc21:subfield code="a">thesis</marc21:subfield>
    </marc21:datafield>
    <marc21:datafield tag="700" ind1="1" ind2=" ">
      <marc21:subfield code="a">Völzmann-Stickelbrock, Barbara</marc21:subfield>
      <marc21:subfield code="e">Thesis advisor</marc21:subfield>
      <marc21:subfield code="4">ths</marc21:subfield>
      <marc21:subfield code="0">(DE-588)135610885</marc21:subfield>
    </marc21:datafield>
    <marc21:datafield tag="700" ind1="1" ind2=" ">
      <marc21:subfield code="a">Völzmann-Stickelbrock, Barbara</marc21:subfield>
      <marc21:subfield code="e">Reviewer</marc21:subfield>
      <marc21:subfield code="4">rev</marc21:subfield>
      <marc21:subfield code="0">(DE-588)135610885</marc21:subfield>
    </marc21:datafield>
    <marc21:datafield tag="710" ind1="2" ind2=" ">
      <marc21:subfield code="a">Faculty of Law</marc21:subfield>
      <marc21:subfield code="b">Lehrstühle</marc21:subfield>
      <marc21:subfield code="b">Lehrstuhl für Bürgerliches Recht, Wirtschaftsrecht, Gewerblicher Rechtsschutz, Urheberrecht und Zivilprozessrecht (Prof. Dr. Barbara Völzmann-Stickelbrock)</marc21:subfield>
      <marc21:subfield code="e">host institution</marc21:subfield>
      <marc21:subfield code="4">his</marc21:subfield>
    </marc21:datafield>
    <marc21:datafield tag="856" ind1=" " ind2=" ">
      <marc21:subfield code="u">https://reposis-test.gbv.de/hagen/receive/mir_mods_00001869</marc21:subfield>
      <marc21:subfield code="y">object in context</marc21:subfield>
    </marc21:datafield>
    <marc21:datafield tag="856" ind1=" " ind2=" ">
      <marc21:subfield code="u">https://reposis-test.gbv.de/hagen/servlets/MCRFileNodeServlet/mir_derivate_00002380/BA_Ladendorf_Patentfähigkeit_2013.pdf</marc21:subfield>
      <marc21:subfield code="y">raw object</marc21:subfield>
    </marc21:datafield>
    <marc21:datafield tag="856" ind1=" " ind2=" ">
      <marc21:subfield code="u">https://reposis-test.gbv.de/hagen/rsc/thumbnail/mir_mods_00001869.png</marc21:subfield>
      <marc21:subfield code="y">preview</marc21:subfield>
    </marc21:datafield>
    <marc21:datafield tag="856" ind1=" " ind2=" ">
      <marc21:subfield code="u">https://reposis-test.gbv.de/hagen/receive/mir_mods_00001869</marc21:subfield>
      <marc21:subfield code="y">uri</marc21:subfield>
    </marc21:datafield>
  </marc21:record>
</marc21:collection>
